@article{doubova2021disruption,
  title={Disruption in essential health services in Mexico during COVID-19: an interrupted time series analysis of health information system data},
  author={Doubova, Svetlana V and Leslie, Hannah H and Kruk, Margaret E and P{\'e}rez-Cuevas, Ricardo and Arsenault, Catherine},
  journal={BMJ Global Health},
  volume={6},
  number={9},
  pages={e006204},
  year={2021},
  publisher={BMJ Specialist Journals}
}

@article{todd2020abortion,
  title={Abortion in the context of COVID-19: a human rights imperative},
  author={Todd-Gher, Jaime and Shah, Payal K},
  journal={Sexual and Reproductive Health Matters},
  volume={28},
  number={1},
  pages={1758394},
  year={2020},
  publisher={Taylor \& Francis}
}

@article{suarez2020epidemiologia,
  title={Epidemiolog{\'\i}a de COVID-19 en M{\'e}xico: del 27 de febrero al 30 de abril de 2020},
  author={Su{\'a}rez, V{\'\i}ctor and Quezada, M Suarez and Ruiz, S Oros and De Jes{\'u}s, E Ronquillo},
  journal={Revista cl{\'\i}nica espa{\~n}ola},
  volume={220},
  number={8},
  pages={463--471},
  year={2020},
  publisher={Elsevier}
}


@article{turret2020covid,
  title={COVID-19 does not change the right to abortion},
  author={Turret, Erica and Tannenbaum, Sara and Shultz, Blake and Kraschel, Katherine},
  journal={Health Affairs},
  volume={17},
  year={2020}
}

