@Manual{R-base,
  title = {R: A Language and Environment for Statistical Computing},
  author = {{R Core Team}},
  organization = {R Foundation for Statistical Computing},
  address = {Vienna, Austria},
  year = {2019},
  url = {https://www.R-project.org/},
}
@Manual{R-rmarkdown,
  title = {rmarkdown: Dynamic Documents for R},
  author = {JJ Allaire and Yihui Xie and Jonathan McPherson and Javier Luraschi and Kevin Ushey and Aron Atkins and Hadley Wickham and Joe Cheng and Winston Chang and Richard Iannone},
  year = {2019},
  note = {R package version 1.13},
  url = {https://CRAN.R-project.org/package=rmarkdown},
}

@book{wickham2016r,
  title={R for data science: import, tidy, transform, visualize, and model data},
  author={Wickham, Hadley and Grolemund, Garrett},
  year={2016},
  publisher={" O'Reilly Media, Inc."}
}


@Book{ggplot2,    author = {Hadley Wickham},    title = {ggplot2: Elegant Graphics for Data Analysis},    publisher = {Springer-Verlag New York},    year = {2016},    isbn = {978-3-319-24277-4},    url = {https://ggplot2.tidyverse.org},  }
  
@article{romero2021metodologia,
  title={Metodolog{\'\i}a de la Encuesta Nacional de Salud y Nutrici{\'o}n 2020 sobre Covid-19},
  author={Romero-Mart{\'\i}nez, Mart{\'\i}n and Barrientos-Guti{\'e}rrez, Tonatiuh and Cuevas-Nasu, Luc{\'\i}a and Bautista-Arredondo, Sergio and Colchero, Arantxa and Gaona-Pineda, Elsa Berenice and Lazcano-Ponce, Eduardo and Mart{\'\i}nez-Barnetche, Jes{\'u}s and Alpuche-Aranda, Celia and Rivera-Dommarco, Juan and others},
  journal={salud p{\'u}blica de m{\'e}xico},
  volume={63},
  number={3 May-Jun},
  pages={444--451},
  year={2021}
}

@article{martinez2021metodologia,
  title={Metodolog{\'\i}a de la Encuesta Nacional de Salud y Nutrici{\'o}n 2021},
  author={Mart{\'\i}nez, Mart{\'\i}n Romero and Barrientos-Guti{\'e}rrez, Tonatiuh and Cuevas-Nasu, Lucia and Bautista-Arredondo, Sergio and Colchero, M Arantxa and Gaona-Pineda, Elsa Berenice and Mart{\'\i}nez-Barnetche, Jes{\'u}s and Alpuche-Aranda, Celia Mercedes and G{\'o}mez-Acosta, Luz M and Mendoza-Alvarado, Laura R and others},
  journal={Salud P{\'u}blica de M{\'e}xico},
  volume={63},
  number={6, Nov-Dic},
  pages={813--818},
  year={2021}
}

